<?xml version="1.0" encoding="UTF-8"?><record xmlns="http://www.loc.gov/MARC21/slim" xmlns:cinclude="http://apache.org/cocoon/include/1.0" xmlns:zs="http://www.loc.gov/zing/srw/">
  <leader>00469cz  a2200145n  4500</leader>
  <controlfield tag="001">n 2012031172</controlfield>
  <controlfield tag="003">DLC</controlfield>
  <controlfield tag="005">20120511074922.0</controlfield>
  <controlfield tag="008">120509n| acannaabn          |n aaa      </controlfield>
  <datafield tag="010" ind1=" " ind2=" ">
    <subfield code="a">n 2012031172</subfield>
  </datafield>
  <datafield tag="040" ind1=" " ind2=" ">
    <subfield code="a">DLC</subfield>
    <subfield code="b">eng</subfield>
    <subfield code="c">DLC</subfield>
  </datafield>
  <datafield tag="100" ind1="1" ind2=" ">
    <subfield code="a">Wilhelmy, Audrée,</subfield>
    <subfield code="d">1985-</subfield>
  </datafield>
  <datafield tag="670" ind1=" " ind2=" ">
    <subfield code="a">Son ouvrage Oss, 2011:‏ ‎</subfield>
    <subfield code="b">p. [4] of cover (born in Québec in 1985)‏</subfield>
  </datafield>
  <datafield tag="670" ind1=" " ind2=" ">
    <subfield code="a">Oss, 2011:</subfield>
    <subfield code="b">t.p. (Audrée Wilhelmy)</subfield>
  </datafield>
  <datafield tag="670" ind1=" " ind2=" ">
    <subfield code="a">LAC in VIAF 05/09/12</subfield>
    <subfield code="b">(hdg.: Wilhelmy, Audrée, 1985-)</subfield>
  </datafield>
</record>